@article{barooah, title={Estimation on graphs from relative measurements}, volume={27}, DOI={10.1109/mcs.2007.384125}, number={4}, journal={IEEE Control Systems IEEE Control Syst.}, author={Barooah, P. and Hespanha, J.P.}, year={2007}, pages={57â€“74}}
